<record><leader>00000cas a2200000 a 4500</leader><controlfield tag="001">8256608</controlfield><controlfield tag="008">820319d19801986wauwr ne      0   a0eng d</controlfield><controlfield tag="009">467</controlfield><datafield ind1=" " ind2=" " tag="010"><subfield code="a">sn 82001465 </subfield></datafield><datafield ind1=" " ind2=" " tag="040"><subfield code="a">NSD</subfield><subfield code="b">eng</subfield><subfield code="c">NSD</subfield><subfield code="d">SLZ</subfield><subfield code="d">OCL</subfield><subfield code="d">OCLCQ</subfield></datafield><datafield ind1=" " ind2=" " tag="012"><subfield code="m">1</subfield></datafield><datafield ind1="1" ind2=" " tag="022"><subfield code="a">0744-4214</subfield><subfield code="l">0744-4214</subfield><subfield code="2">1</subfield></datafield><datafield ind1="1" ind2=" " tag="029"><subfield code="a">AU@</subfield><subfield code="b">000025800967</subfield></datafield><datafield ind1=" " ind2=" " tag="032"><subfield code="a">667070</subfield><subfield code="b">USPS</subfield></datafield><datafield ind1=" " ind2=" " tag="037"><subfield code="b">Idea Productions, P.O. Box 516, Royal City, WA 99357-0516</subfield></datafield><datafield ind1=" " ind2=" " tag="042"><subfield code="a">nsdp</subfield></datafield><datafield ind1=" " ind2=" " tag="043"><subfield code="a">n-us-wa</subfield></datafield><datafield ind1=" " ind2="4" tag="222"><subfield code="a">The Royal banner</subfield></datafield><datafield ind1="0" ind2="4" tag="245"><subfield code="a">The Royal banner.</subfield></datafield><datafield ind1=" " ind2=" " tag="260"><subfield code="a">Royal City, WA [Wash.] :</subfield><subfield code="b">Idea Productions</subfield></datafield><datafield ind1=" " ind2=" " tag="310"><subfield code="a">Weekly</subfield></datafield><datafield ind1="0" ind2=" " tag="362"><subfield code="a">Vol. 1, no. 1 (Oct. 1, 1980)-v. 7, no. 22 (May 28, 1986).</subfield></datafield><datafield ind1=" " ind2="0" tag="651"><subfield code="a">Rayal City (Wash.)</subfield><subfield code="v">Newspapers.</subfield></datafield><datafield ind1=" " ind2=" " tag="752"><subfield code="a">United States</subfield><subfield code="b">Washington</subfield><subfield code="c">Grant</subfield><subfield code="d">Royal City.</subfield></datafield><datafield ind1=" " ind2=" " tag="752"><subfield code="a">United States</subfield><subfield code="b">Washington</subfield><subfield code="c">Grant</subfield><subfield code="d">Mattawa.</subfield></datafield><datafield ind1=" " ind2=" " tag="936"><subfield code="a">Mar. 3, 1982</subfield></datafield></record>